@online{I2C,
  author = {NXP Semiconductors},
  title = {I2C bus Specification and User Manual},
  year = 2014,
  url = {http://www.i2c-bus.org/specification},
  urldate = {2015-12-13}}

@online{MPU6050,
  	author = {InvenSense{\textregistered} },
    title= {Datasheet MPU6050},
    year= 2013,
    url = {http://www.invensense.com/products/motion-tracking/6-axis/mpu-6050},
    urldate = {2015-05-10}}
    
@online{ARDUINO,
  	author = {Arduino},
    title= {Arduino Home},
    year= 2013,
    url = { https://www.arduino.cc/},
    urldate = {2015-05-10}}
    
@online{QT,
  	author = {QT},
    title= {QT Home},
    year= 2016,
    url = { http://www.qt.io/},
    urldate = {2015-05-10}}
    
@online{MAPREGISTER,
  	author = {InverSense},
    title= {Map Register and Descriptions},
    year= 2013,
    url ={http://43zrtwysvxb2gf29r5o0athu.wpengine.netdna-cdn.com/wp-content/uploads/2015/02/MPU-6000-Register-Map1.pdf},
    urldate = {2015-05-10}}

@online{KISTLER,
	author = {KISTLER},
    title =  {Kistler 9286B DataSheet},
    year  = {2016},
    url = {https://www.ntnu.edu/documents/221360533/221362168/KISTLER.pdf/6e0bf322-368e-46b2-b125-c7251046a81c},
    urldate = {2016-04-05}}

        
   